@article{Ullmann1976AnAF,
  title={An Algorithm for Subgraph Isomorphism},
  author={Julian R. Ullmann},
  journal={Journal of the ACM (JACM)},
  year={1976},
  volume={23},
  pages={31 - 42}
}

@article{ullmanimpr,
author = {Cibej, Uros and Mihelič, Jurij},
year = {2015},
month = {07},
pages = {150705201143007},
title = {Improvements to Ullmann's Algorithm for the Subgraph Isomorphism Problem},
volume = {29},
journal = {International Journal of Pattern Recognition and Artificial Intelligence},
doi = {10.1142/S0218001415500251}
}

@article{vf2,
author = {Cordella, Luigi and Foggia, Pasquale and Sansone, Carlo and Vento, Mario},
year = {2004},
month = {11},
pages = {1367 - 1372},
title = {A (Sub)Graph Isomorphism Algorithm for Matching Large Graphs},
volume = {26},
journal = {Pattern Analysis and Machine Intelligence, IEEE Transactions on},
doi = {10.1109/TPAMI.2004.75}
}

@inproceedings{incrementalpatternmatching,
author = {Fan, Wenfei and Li, Jianzhong and Luo, Jizhou and Tan, Zijing and Wang, Xin and Wu, Yinghui},
title = {Incremental Graph Pattern Matching},
year = {2011},
isbn = {9781450306614},
publisher = {Association for Computing Machinery},
address = {New York, NY, USA},
url = {https://doi.org/10.1145/1989323.1989420},
doi = {10.1145/1989323.1989420},
booktitle = {Proceedings of the 2011 ACM SIGMOD International Conference on Management of Data},
pages = {925–936},
numpages = {12},
keywords = {bounded incremental matching algorithms, affected area},
location = {Athens, Greece},
series = {SIGMOD '11}
}

@inproceedings{vf2pp,
author = {Vincenzo, Carletti and Foggia, Pasquale and Vento, Mario},
year = {2015},
month = {05},
pages = {},
title = {VF2 Plus: An Improved version of VF2 for Biological Graphs},
isbn = {978-3-319-18223-0},
doi = {10.1007/978-3-319-18224-7_17}
}

@article{Han2019EfficientSM,
  title={Efficient Subgraph Matching: Harmonizing Dynamic Programming, Adaptive Matching Order, and Failing Set Together},
  author={Myoungji Han and Hyunjoong Kim and Geonmo Gu and Kunsoo Park and Wook-Shin Han},
  journal={Proceedings of the 2019 International Conference on Management of Data},
  year={2019}
}

@inproceedings{incrementalpatternmatching2,
author = {Fan, Wenfei},
title = {Graph Pattern Matching Revised for Social Network Analysis},
year = {2012},
isbn = {9781450307918},
publisher = {Association for Computing Machinery},
address = {New York, NY, USA},
url = {https://doi.org/10.1145/2274576.2274578},
doi = {10.1145/2274576.2274578},
booktitle = {Proceedings of the 15th International Conference on Database Theory},
pages = {8–21},
numpages = {14},
location = {Berlin, Germany},
series = {ICDT '12}
}

@misc{lemonvf2pp,
  howpublished = {\url{https://lemon.cs.elte.hu/trac/lemon/log/lemon/lemon/vf2pp.h?rev=1433}},
  title        = {LEMON graph library},
}

@misc{dafbin,
  howpublished = {\url{https://github.com/SNUCSE-CTA/DAF}},
  title        = {DAF binaries},
}

@misc{graphchallenge,
  howpublished = {\url{http://graphchallenge.mit.edu/data-sets}},
  title        = {Graph Challange datasets},
}

@misc{boostvf2,
  howpublished = {\url{https://www.boost.org/doc/libs/master/libs/graph/doc/vf2_sub_graph_iso.html}},
  title        = {C++ Boost VF2},
}

@misc{nx,
  howpublished = {\url{https://networkx.org/}},
  title        = {NetworkX},
}

@article{barabasimodel,
author = {Barabasi, Albert-Laszlo and Albert, Reka},
year = {1999},
month = {11},
pages = {509-12},
title = {Albert, R.: Emergence of Scaling in Random Networks. Science 286, 509-512},
volume = {286},
journal = {Science (New York, N.Y.)},
doi = {10.1126/science.286.5439.509}
}


@book{Wettl04,
  author    = {Ferenc Wettl and Gyula Mayer and Péter Szabó},
  publisher = {Panem Könyvkiadó},
  title     = {\LaTeX~kézikönyv},
  year      = {2004},
}

@article{Candy86,
  author       = {James C. Candy},
  journaltitle = {{IEEE} Trans.\ on Communications},
  month        = {01},
  note         = {\doi{10.1109/TCOM.1986.1096432}},
  number       = {1},
  pages        = {72--76},
  title        = {Decimation for Sigma Delta Modulation},
  volume       = {34},
  year         = {1986},
}

@inproceedings{Lee87,
  author    = {Wai L. Lee and Charles G. Sodini},
  booktitle = {Proc.\ of the IEEE International Symposium on Circuits and Systems},
  location  = {Philadelphia, PA, USA},
  month     = {05~4--7},
  pages     = {459--462},
  title     = {A Topology for Higher Order Interpolative Coders},
  vol       = {2},
  year      = {1987},
}

@thesis{KissPhD,
  author      = {Peter Kiss},
  institution = {Technical University of Timi\c{s}oara, Romania},
  month       = {04},
  title       = {Adaptive Digital Compensation of Analog Circuit Imperfections for Cascaded Delta-Sigma Analog-to-Digital Converters},
  type        = {phdthesis},
  year        = {2000},
}

@manual{Schreier00,
  author       = {Richard Schreier},
  month        = {01},
  note         = {\url{http://www.mathworks.com/matlabcentral/fileexchange/}},
  organization = {Oregon State University},
  title        = {The Delta-Sigma Toolbox v5.2},
  year         = {2000},
}

@misc{DipPortal,
  author       = {{Budapesti Műszaki és Gazdaságtudományi Egyetem Villamosmérnöki és Informatikai Kar}},
  howpublished = {\url{http://diplomaterv.vik.bme.hu/}},
  title        = {Diplomaterv portál (2011. február 26.)},
}

@incollection{Mkrtychev:1997,
  author    = {Mkrtychev, Alexey},
  booktitle = {Logical Foundations of Computer Science},
  doi       = {10.1007/3-540-63045-7_27},
  editor    = {Adian, Sergei and Nerode, Anil},
  isbn      = {978-3-540-63045-6},
  pages     = {266-275},
  publisher = {Springer Berlin Heidelberg},
  series    = {Lecture Notes in Computer Science},
  title     = {Models for the logic of proofs},
  url       = {http://dx.doi.org/10.1007/3-540-63045-7_27},
  volume    = {1234},
  year      = {1997},
}

@report{Jeney,
  author      = {Jeney, Gábor},
  institution = {Budapesti Műszaki és Gazdaságtudományi Egyetem, Híradástechnikai Tanszék},
  location    = {Budapest},
  note        = {\url{http://www.mcl.hu/~jeneyg/kinezet.pdf}},
  title       = {Hogyan néz ki egy igényes dokumentum? {N}éhány szóban az alapvető tipográfiai szabályokról},
  type        = {techreport},
  year        = {2014},
}

